@article{Hentout18082019,
author = {Abdelfetah Hentout and Mustapha Aouache and Abderraouf Maoudj and Isma Akli and},
title = {Human–robot interaction in industrial collaborative robotics: a literature review of the decade 2008–2017},
journal = {Advanced Robotics},
volume = {33},
number = {15-16},
pages = {764--799},
year = {2019},
publisher = {Taylor \& Francis},
doi = {10.1080/01691864.2019.1636714},
URL = {https://doi.org/10.1080/01691864.2019.1636714},
eprint = {https://doi.org/10.1080/01691864.2019.1636714}
}

@article{journey_hrc_momentum,
    author = {Vicentini, Federico},
    title = {Collaborative Robotics: A Survey},
    journal = {Journal of Mechanical Design},
    volume = {143},
    number = {4},
    pages = {040802},
    year = {2020},
    month = {10},
    issn = {1050-0472},
    doi = {10.1115/1.4046238},
    url = {https://doi.org/10.1115/1.4046238},
    eprint = {https://asmedigitalcollection.asme.org/mechanicaldesign/article-pdf/143/4/040802/6661214/md\_143\_4\_040802.pdf},
}

@article{An1989TheRO,
  title={The Role of Dynamic Models in Cartesian Force Control of Manipulators},
  author={Chae H. An and John M. Hollerbach},
  journal={The International Journal of Robotics Research},
  year={1989},
  volume={8},
  pages={51 - 72},
  url={https://api.semanticscholar.org/CorpusID:40416764}
}

@INPROCEEDINGS{762539,
  author={Craig, J.J. and Raibert, M.H.},
  booktitle={COMPSAC 79. Proceedings. Computer Software and The IEEE Computer Society's Third International Applications Conference, 1979.}, 
  title={A systematic method of hybrid position/force control of a manipulator}, 
  year={1979},
  volume={},
  number={},
  pages={446-451},
  keywords={Force control;Force sensors;Manipulators;Robotic assembly;Space technology;Constraint theory;Robot sensing systems;Robot kinematics;Orbital robotics;Wrist},
  doi={10.1109/CMPSAC.1979.762539}}

@INPROCEEDINGS{1087787,
  author={Yoshikawa, T. and Sugie, T. and Tanaka, M.},
  booktitle={Proceedings. 1987 IEEE International Conference on Robotics and Automation}, 
  title={Dynamic hybrid position/Force control of robot manipulators--Controller design and experiment}, 
  year={1987},
  volume={4},
  number={},
  pages={2005-2010},
  keywords={Manipulator dynamics;Force control;Robots;Robotics and automation;Automatic control;State feedback;Robust control;Error correction;Equations;Design automation},
  doi={10.1109/ROBOT.1987.1087787}}

@ARTICLE{760350,
  author={Caccavale, F. and Natale, C. and Siciliano, B. and Villani, L.},
  journal={IEEE Transactions on Robotics and Automation}, 
  title={Six-DOF impedance control based on angle/axis representations}, 
  year={1999},
  volume={15},
  number={2},
  pages={289-300},
  keywords={Force measurement;Displacement control;Equations;End effectors;Quaternions;Force control;Impedance measurement;Position measurement;Error correction;Robust control},
  doi={10.1109/70.760350}}

@INPROCEEDINGS{6936985,
  author={Alami, R. and Albu-Schaeffer, A. and Bicchi, A. and Bischoff, R. and Chatila, R. and De Luca, A. and De Santis, A. and Giralt, G. and Guiochet, J. and Hirzinger, G. and Ingrand, F. and Lippiello, V. and Mattone, R. and Powell, D. and Sen, S. and Siciliano, B. and Tonietti, G. and Villani, L.},
  booktitle={2006 IEEE/RSJ International Conference on Intelligent Robots and Systems}, 
  title={Safe and dependable physical human-robot interaction in anthropic domains: State of the art and challenges}, 
  year={2006},
  volume={},
  number={},
  pages={1-16},
  keywords={Safety;Service robots;Standards;Europe;Robot sensing systems;Manipulators;Anthropic Robotics;Physical Human-Robot Interaction;Safety and Performance;Dependability},
  doi={10.1109/IROS.2006.6936985}}

@article{DESANTIS2008253,
title = {An atlas of physical human–robot interaction},
journal = {Mechanism and Machine Theory},
volume = {43},
number = {3},
pages = {253-270},
year = {2008},
issn = {0094-114X},
doi = {https://doi.org/10.1016/j.mechmachtheory.2007.03.003},
url = {https://www.sciencedirect.com/science/article/pii/S0094114X07000547},
author = {Agostino {De Santis} and Bruno Siciliano and Alessandro {De Luca} and Antonio Bicchi},
keywords = {Physical human–robot interaction in anthropic domains}
}

@article{MALIK2019665,
title = {Collaborative robots in assembly: A practical approach for tasks distribution},
journal = {Procedia CIRP},
volume = {81},
pages = {665-670},
year = {2019},
note = {52nd CIRP Conference on Manufacturing Systems (CMS), Ljubljana, Slovenia, June 12-14, 2019},
issn = {2212-8271},
doi = {https://doi.org/10.1016/j.procir.2019.03.173},
url = {https://www.sciencedirect.com/science/article/pii/S2212827119304780},
author = {Ali Ahmad Malik and Arne Bilberg},
keywords = {collaborative robots, smart automation, human-robot collaboration, assembly systems},
abstract = {The challenge of tasks allocation between human and robot is a known problem for industrial application of collaborative robots in assembly. This paper aims to describe a framework for a dynamic task distribution based on physical properties of the components, tasks characterization and collaborative workspace. The developed tasks-distribution is achieved through a set of assembly attributes with various scores for contrasting cycle times, adaptability and safety. The work is demonstrated with an industrial case of human-robot collaborative assembly process.}
}

@article{Arash2017,
title = {Progress and prospects of the human–robot collaboration},
journal = {Autonomous Robots},
volume = {42},
pages = {957-975},
year = {2018},
issn = {1573-7527},
doi = {https://doi.org/10.1007/s10514-017-9677-2},
url = {https://link.springer.com/article/10.1007/s10514-017-9677-2},
author = {Ajoudani, A. and Zanchettin, A. M. and Ivaldi, S. and Albu-Schäffer, A. and Kosuge, K. and Khatib, O.}
}

@article{GUIOCHET201743,
title = {Safety-critical advanced robots: A survey},
journal = {Robotics and Autonomous Systems},
volume = {94},
pages = {43-52},
year = {2017},
issn = {0921-8890},
doi = {https://doi.org/10.1016/j.robot.2017.04.004},
url = {https://www.sciencedirect.com/science/article/pii/S0921889016300768},
author = {Jérémie Guiochet and Mathilde Machin and Hélène Waeselynck},
keywords = {Dependability, Safety, Collaborative autonomous robot},
}

@ARTICLE{8107677,
  author={Robla-Gómez, S. and Becerra, Victor M. and Llata, J. R. and González-Sarabia, E. and Torre-Ferrero, C. and Pérez-Oria, J.},
  journal={IEEE Access}, 
  title={Working Together: A Review on Safe Human-Robot Collaboration in Industrial Environments}, 
  year={2017},
  volume={5},
  number={},
  pages={26754-26773},
  keywords={Service robots;Safety;Robot sensing systems;Collaboration;Standards;Collision avoidance;Safety;industrial robot;human-robot collaboration;industrial standards;Industry 4.0},
  doi={10.1109/ACCESS.2017.2773127}}

@ARTICLE{9302892,
  author={Kumar, Shitij and Savur, Celal and Sahin, Ferat},
  journal={IEEE Transactions on Systems, Man, and Cybernetics: Systems}, 
  title={Survey of Human–Robot Collaboration in Industrial Settings: Awareness, Intelligence, and Compliance}, 
  year={2021},
  volume={51},
  number={1},
  pages={280-297},
  keywords={Robots;Service robots;Safety;Industries;Robot sensing systems;Collision avoidance;Standards;Awareness;compliance;digital-twin human–robot collaboration (HRC);industrial automation;intelligence;physiological computing;speed and separation monitoring (SSM)},
  doi={10.1109/TSMC.2020.3041231}}

@article{Ji2024,
title = {Foundation models assist in human–robot collaboration assembly},
journal = {Scientific Reports},
volume = {14},
pages = {24828},
year = {2024},
issn = {2045-2322},
doi = {https://doi.org/10.1038/s41598-024-75715-4},
url = {https://www.nature.com/articles/s41598-024-75715-4},
author = {Ji, Y. and Zhang, Z. and Tang, D. and Zheng, Y. and Liu, C. and Zhao, Z. and Li, X.}
}

@inbook{naturestatistical,
author = {Vapnik, Vladimir},
year = {2000},
month = {01},
pages = {1-15},
title = {The Nature of Statistical Learning Theory},
volume = {8},
isbn = {978-1-4419-3160-3},
journal = {Statistics for Engineering and Information Science},
doi = {10.1007/978-1-4757-3264-1_1}
}

@misc{radford2021learningtransferablevisualmodels,
      title={Learning Transferable Visual Models From Natural Language Supervision}, 
      author={Alec Radford and Jong Wook Kim and Chris Hallacy and Aditya Ramesh and Gabriel Goh and Sandhini Agarwal and Girish Sastry and Amanda Askell and Pamela Mishkin and Jack Clark and Gretchen Krueger and Ilya Sutskever},
      year={2021},
      eprint={2103.00020},
      archivePrefix={arXiv},
      primaryClass={cs.CV},
      url={https://arxiv.org/abs/2103.00020}, 
}

@misc{paul2023deeplearningdatadiet,
      title={Deep Learning on a Data Diet: Finding Important Examples Early in Training}, 
      author={Mansheej Paul and Surya Ganguli and Gintare Karolina Dziugaite},
      year={2023},
      eprint={2107.07075},
      archivePrefix={arXiv},
      primaryClass={cs.LG},
      url={https://arxiv.org/abs/2107.07075}, 
}

@inproceedings{
karla2024data,
title={Data Debugging with Shapley Importance over Machine Learning Pipelines},
author={Bojan Karla{\v{s}} and David Dao and Matteo Interlandi and Sebastian Schelter and Wentao Wu and Ce Zhang},
booktitle={The Twelfth International Conference on Learning Representations},
year={2024},
url={https://openreview.net/forum?id=qxGXjWxabq}
}

@Inbook{Blum1998,
author="Blum, Avrim",
editor="Fiat, Amos
and Woeginger, Gerhard J.",
title="On-Line Algorithms in Machine Learning",
bookTitle="Online Algorithms: The State of the Art",
year="1998",
publisher="Springer Berlin Heidelberg",
address="Berlin, Heidelberg",
pages="306--325",
isbn="978-3-540-68311-7",
doi="10.1007/BFb0029575",
url="https://doi.org/10.1007/BFb0029575"
}

@INPROCEEDINGS{7724478,
  author={Singh, Amanpreet and Thakur, Narina and Sharma, Aakanksha},
  booktitle={2016 3rd International Conference on Computing for Sustainable Global Development (INDIACom)}, 
  title={A review of supervised machine learning algorithms}, 
  year={2016},
  volume={},
  number={},
  pages={1310-1315},
  keywords={Decision support systems;Classification algorithms;Handheld computers;Machine learning algorithms;Artificial neural networks;Support vector machines;Roads;Artificial Neural Networks (ANN);Bayesian Network (BN);Decision Trees (DT);k-Nearest Neighbors (k-NN);Logistic Regression (LR);Random Forests (RF);Supervised Machine Learning;Support Vector Machine (SVM)},
  doi={}}

@ARTICLE{bp,
author = {Rumelhart, D. E. and Hinton, G. E. and Williams, R. J.},
title = {Learning representations by back-propagating errors},
journal = {Nature},
year = {1986},
pages = {533-536},
volume = {323},
issn = {1476-4687},
doi = {10.1038/323533a0}
}

@misc{kaplan2020scalinglawsneurallanguage,
      title={Scaling Laws for Neural Language Models}, 
      author={Jared Kaplan and Sam McCandlish and Tom Henighan and Tom B. Brown and Benjamin Chess and Rewon Child and Scott Gray and Alec Radford and Jeffrey Wu and Dario Amodei},
      year={2020},
      eprint={2001.08361},
      archivePrefix={arXiv},
      primaryClass={cs.LG},
      url={https://arxiv.org/abs/2001.08361}, 
}

@misc{ravi2024sam2segmentimages,
      title={SAM 2: Segment Anything in Images and Videos}, 
      author={Nikhila Ravi and Valentin Gabeur and Yuan-Ting Hu and Ronghang Hu and Chaitanya Ryali and Tengyu Ma and Haitham Khedr and Roman Rädle and Chloe Rolland and Laura Gustafson and Eric Mintun and Junting Pan and Kalyan Vasudev Alwala and Nicolas Carion and Chao-Yuan Wu and Ross Girshick and Piotr Dollár and Christoph Feichtenhofer},
      year={2024},
      eprint={2408.00714},
      archivePrefix={arXiv},
      primaryClass={cs.CV},
      url={https://arxiv.org/abs/2408.00714}, 
}

@misc{vemprala2023gridplatformgeneralrobot,
      title={GRID: A Platform for General Robot Intelligence Development}, 
      author={Sai Vemprala and Shuhang Chen and Abhinav Shukla and Dinesh Narayanan and Ashish Kapoor},
      year={2023},
      eprint={2310.00887},
      archivePrefix={arXiv},
      primaryClass={cs.RO},
      url={https://arxiv.org/abs/2310.00887}, 
}

@article{ros2,
author = {Steven Macenski  and Tully Foote  and Brian Gerkey  and Chris Lalancette  and William Woodall },
title = {Robot Operating System 2: Design, architecture, and uses in the wild},
journal = {Science Robotics},
volume = {7},
number = {66},
pages = {eabm6074},
year = {2022},
doi = {10.1126/scirobotics.abm6074},
URL = {https://www.science.org/doi/abs/10.1126/scirobotics.abm6074},
eprint = {https://www.science.org/doi/pdf/10.1126/scirobotics.abm6074},
}

@article{Lin2023,
   title={Text2Motion: from natural language instructions to feasible plans},
   volume={47},
   ISSN={1573-7527},
   url={http://dx.doi.org/10.1007/s10514-023-10131-7},
   DOI={10.1007/s10514-023-10131-7},
   number={8},
   journal={Autonomous Robots},
   publisher={Springer Science and Business Media LLC},
   author={Lin, Kevin and Agia, Christopher and Migimatsu, Toki and Pavone, Marco and Bohg, Jeannette},
   year={2023},
   month=nov, pages={1345–1365} }

@misc{driess2023palmeembodiedmultimodallanguage,
      title={PaLM-E: An Embodied Multimodal Language Model}, 
      author={Danny Driess and Fei Xia and Mehdi S. M. Sajjadi and Corey Lynch and Aakanksha Chowdhery and Brian Ichter and Ayzaan Wahid and Jonathan Tompson and Quan Vuong and Tianhe Yu and Wenlong Huang and Yevgen Chebotar and Pierre Sermanet and Daniel Duckworth and Sergey Levine and Vincent Vanhoucke and Karol Hausman and Marc Toussaint and Klaus Greff and Andy Zeng and Igor Mordatch and Pete Florence},
      year={2023},
      eprint={2303.03378},
      archivePrefix={arXiv},
      primaryClass={cs.LG},
      url={https://arxiv.org/abs/2303.03378}, 
}
